<record><leader>00000cas a2200000 a 4500</leader><controlfield tag="001">191229845</controlfield><controlfield tag="008">940603d18831uuunjumr ne      0    0eng c</controlfield><datafield ind1=" " ind2=" " tag="010"><subfield code="a">  2013257142</subfield></datafield><datafield ind1=" " ind2=" " tag="040"><subfield code="a">AQM</subfield><subfield code="b">eng</subfield><subfield code="c">AQM</subfield><subfield code="d">INU</subfield><subfield code="d">OCLCF</subfield><subfield code="d">OCLCQ</subfield></datafield><datafield ind1=" " ind2=" " tag="042"><subfield code="a">pcc</subfield></datafield><datafield ind1=" " ind2=" " tag="043"><subfield code="a">n-us-nj</subfield></datafield><datafield ind1="0" ind2=" " tag="130"><subfield code="a">Atom (Bloomfield, N.J.)</subfield></datafield><datafield ind1="1" ind2="4" tag="245"><subfield code="a">The atom.</subfield></datafield><datafield ind1=" " ind2=" " tag="260"><subfield code="a">Bloomfield, N.J. :</subfield><subfield code="b">E.G. Apgar</subfield></datafield><datafield ind1=" " ind2=" " tag="300"><subfield code="a">volumes ;</subfield><subfield code="c">12-18 cm</subfield></datafield><datafield ind1=" " ind2=" " tag="310"><subfield code="a">Monthly</subfield></datafield><datafield ind1=" " ind2=" " tag="336"><subfield code="a">text</subfield><subfield code="b">txt</subfield><subfield code="2">rdacontent</subfield></datafield><datafield ind1=" " ind2=" " tag="337"><subfield code="a">unmediated</subfield><subfield code="b">n</subfield><subfield code="2">rdamedia</subfield></datafield><datafield ind1=" " ind2=" " tag="338"><subfield code="a">volume</subfield><subfield code="b">nc</subfield><subfield code="2">rdacarrier</subfield></datafield><datafield ind1="1" ind2=" " tag="362"><subfield code="a">Began in 1883.</subfield></datafield><datafield ind1=" " ind2=" " tag="500"><subfield code="a">E.G. Apgar, editor.</subfield></datafield><datafield ind1=" " ind2=" " tag="550"><subfield code="a">"Official organ Bloomfield A. &amp; P.A.," &lt;July 1883&gt;</subfield></datafield><datafield ind1=" " ind2=" " tag="588"><subfield code="a">Description based on: Vol. 1, no. 3 (July 1883); title from caption.</subfield></datafield><datafield ind1=" " ind2=" " tag="588"><subfield code="a">Latest issue consulted: Vol. 1, no. 9 (January 1884).</subfield></datafield><datafield ind1=" " ind2="0" tag="650"><subfield code="a">Amateur journalism</subfield><subfield code="v">Newspapers.</subfield></datafield><datafield ind1=" " ind2="0" tag="651"><subfield code="a">Bloomfield (N.J.)</subfield><subfield code="v">Newspapers.</subfield></datafield><datafield ind1=" " ind2="7" tag="650"><subfield code="a">Amateur journalism.</subfield><subfield code="2">fast</subfield><subfield code="0">(OCoLC)fst00806670</subfield></datafield><datafield ind1=" " ind2="7" tag="651"><subfield code="a">New Jersey</subfield><subfield code="z">Bloomfield.</subfield><subfield code="2">fast</subfield><subfield code="0">(OCoLC)fst01213711</subfield></datafield><datafield ind1=" " ind2="4" tag="655"><subfield code="a">Amateur periodicals.</subfield></datafield><datafield ind1=" " ind2="7" tag="655"><subfield code="a">Newspapers.</subfield><subfield code="2">fast</subfield><subfield code="0">(OCoLC)fst01423814</subfield></datafield><datafield ind1=" " ind2="7" tag="655"><subfield code="a">Juvenilia</subfield><subfield code="x">Periodicals.</subfield><subfield code="2">rbgenr</subfield></datafield><datafield ind1=" " ind2="7" tag="655"><subfield code="a">Periodicals.</subfield><subfield code="2">rbgenr</subfield></datafield><datafield ind1="2" ind2=" " tag="710"><subfield code="a">Bloomfield Amateurs &amp; Printers Association.</subfield></datafield><datafield ind1=" " ind2=" " tag="752"><subfield code="a">United States</subfield><subfield code="b">New Jersey</subfield><subfield code="d">Bloomfield.</subfield></datafield></record>